@inproceedings{Decroos:2018,
  author = {Decroos, Tom and Van Haaren, Jan and Davis, Jesse},
  title = {Automatic Discovery of Tactics in Spatio-Temporal Soccer Match Data},
  booktitle = {Proceedings of the 24th ACM SIGKDD International Conference on Knowledge Discovery on Data Mining},
  year = {2018},
  pages = {223--232},
  numpages = {10},
  publisher = {ACM},
}

@inproceedings{Wang:2015,
  author = {Wang, Qing and Zhu, Hengshu and Hu, Wei and Shen, Zhiyong and Yao, Yuan},
  title = {Discerning Tactical Patterns for Professional Soccer Teams: An Enhanced Topic Model with Applications},
  booktitle = {Proceedings of the 21th ACM SIGKDD International Conference on Knowledge Discovery and Data Mining},
  year = {2015},
  pages = {2197--2206},
  numpages = {10},
  publisher = {ACM},
} 

@inproceedings{lea2017temporal,
  title={Temporal convolutional networks for action segmentation and detection},
  author={Lea, Colin and Flynn, Michael D and Vidal, Rene and Reiter, Austin and Hager, Gregory D},
  booktitle={proceedings of the IEEE Conference on Computer Vision and Pattern Recognition},
  pages={156--165},
  year={2017}
}

@inproceedings{bialkowski2014large,
  title={Large-scale analysis of soccer matches using spatiotemporal tracking data},
  author={Bialkowski, Alina and Lucey, Patrick and Carr, Peter and Yue, Yisong and Sridharan, Sridha and Matthews, Iain},
  booktitle={2014 IEEE International Conference on Data Mining (ICDM)},
  pages={725--730},
  year={2014},
  organization={IEEE}
}

@inproceedings{wei2013large,
  title={Large-scale analysis of formations in soccer},
  author={Wei, Xinyu and Sha, Long and Lucey, Patrick and Morgan, Stuart and Sridharan, Sridha},
  booktitle={Digital Image Computing: Techniques and Applications (DICTA), 2013 International Conference on},
  pages={1--8},
  year={2013},
  organization={IEEE}
}

@article{wu2019forvizor,
  title={Forvizor: Visualizing spatio-temporal team formations in soccer},
  author={Wu, Yingcai and Xie, Xiao and Wang, Jiachen and Deng, Dazhen and Liang, Hongye and Zhang, Hui and Cheng, Shoubin and Chen, Wei},
  journal={IEEE transactions on visualization and computer graphics},
  volume={25},
  number={1},
  pages={65--75},
  year={2019},
  publisher={IEEE}
}

@article{dearden2006tracking,
  title={Tracking football player movement from a single moving camera using particle filters},
  author={Dearden, Anthony and Demiris, Yiannis and Grau, Oliver},
  year={2006},
  publisher={IET}
}


@book{ abelson-et-al:scheme,
  author = "Harold Abelson and Gerald~Jay Sussman and Julie Sussman",
  title = "Structure and Interpretation of Computer Programs",
  publisher = "MIT Press",
  address = "Cambridge, Massachusetts",
  year = "1985"
}

@inproceedings{ bgf:Lixto,
  author = "Robert Baumgartner and Georg Gottlob and Sergio Flesca",
  title = "Visual Information Extraction with {Lixto}",
  booktitle = "Proceedings of the 27th International Conference on Very Large Databases",
  pages = "119--128",
  publisher = "Morgan Kaufmann",
  address = "Rome, Italy",
  month = "September",
  year = "2001"
}

@article{ brachman-schmolze:kl-one,
  author = "Ronald~J. Brachman and James~G. Schmolze",
  title = "An overview of the {KL-ONE} knowledge representation system",
  journal = "Cognitive Science",
  volume = "9",
  number = "2",
  pages = "171--216",
  month = "April--June",
  year = "1985"
}

@article{ gottlob:nonmon,
  author = "Georg Gottlob",
  title = "Complexity results for nonmonotonic logics",
  journal = "Journal of Logic and Computation",
  volume = "2",
  number = "3",
  pages = "397--425",
  month = "June",
  year = "1992"
}

@article{ gls:hypertrees,
  author = "Georg Gottlob and Nicola Leone and Francesco Scarcello",
  title = "Hypertree Decompositions and Tractable Queries",
  journal = "Journal of Computer and System Sciences",
  volume = "64",
  number = "3",
  pages = "579--627",
  month = "May",
  year = "2002"
}

@article{ levesque:functional-foundations,
  author = "Hector~J. Levesque",
  title = "Foundations of a functional approach to knowledge representation",
  journal = "Artificial Intelligence",
  volume = "23",
  number = "2",
  pages = "155--212",
  month = "July",
  year = "1984"
}

@inproceedings{ levesque:belief,
  author = "Hector~J. Levesque",
  title = "A logic of implicit and explicit belief",
  booktitle = "Proceedings of the Fourth National Conference on Artificial Intelligence",
  publisher = "American Association for Artificial Intelligence",
  pages = "198--202",
  address = "Austin, Texas",
  month = "August",
  year = "1984"
}

@article{ nebel:jair-2000,
  author = "Bernhard Nebel",
  title = "On the compilability and expressive power of propositional planning formalisms",
  journal = "Journal of Artificial Intelligence Research",
  volume = "12",
  pages = "271--315",
  year = "2000"
}

 @misc{proceedings,
  author = {{IJCAI Proceedings}},
  title = {{IJCAI} Camera Ready Submission},
  howpublished = {\url{https://proceedings.ijcai.org/info}},
}

@article{kalchbrenner2016neural,
  title={Neural machine translation in linear time},
  author={Kalchbrenner, Nal and Espeholt, Lasse and Simonyan, Karen and Oord, Aaron van den and Graves, Alex and Kavukcuoglu, Koray},
  journal={arXiv preprint arXiv:1610.10099},
  year={2016}
}

@article{bai2018empirical,
  title={An empirical evaluation of generic convolutional and recurrent networks for sequence modeling},
  author={Bai, Shaojie and Kolter, J Zico and Koltun, Vladlen},
  journal={arXiv preprint arXiv:1803.01271},
  year={2018}
}

@inproceedings{gehring2017convolutional,
  title={Convolutional sequence to sequence learning},
  author={Gehring, Jonas and Auli, Michael and Grangier, David and Yarats, Denis and Dauphin, Yann N},
  booktitle={Proceedings of the 34th International Conference on Machine Learning-Volume 70},
  pages={1243--1252},
  year={2017},
  organization={JMLR. org}
}

